<?xml version="1.0" encoding="UTF-8"?><collection xmlns="http://www.loc.gov/MARC21/slim"><record><leader>00370nam--2200121-i-4500</leader><controlfield tag="001">000039122</controlfield><controlfield tag="002">20161230</controlfield><controlfield tag="005">20161230201042</controlfield><controlfield tag="008">060222s1000------------r-----000-0-eng-d</controlfield><datafield ind1=" " ind2=" " tag="100"><subfield code="a">Rigal,R</subfield></datafield><datafield ind1=" " ind2=" " tag="245"><subfield code="a">Les hyperfrequences. circuits et propagation des ondes en vue de l`applications au radaret aux telecomunications</subfield></datafield><datafield ind1=" " ind2=" " tag="260"><subfield code="a">Paris, Eyrolles, 1950. X+224 P</subfield></datafield><datafield ind1=" " ind2=" " tag="852"><subfield code="a">1116</subfield></datafield></record></collection>